@article{Lau2016a,
    title = {{Genotypic variation in foundation species generates network structure that may drive community dynamics and evolution}},
    year = {2016},
    journal = {Ecology},
    author = {Lau, Matthew K. and Keith, Arthur R. and Borrett, Stuart R. and Shuster, Stephen M. and Whitham, Thomas G.},
    isbn = {9780874216561},
    doi = {10.1890/15-0600.1},
    issn = {00129658},
    keywords = {Centralization, Co-occurrence, Common garden experiment, Foundation species, Genotype-species networks, Modularity, Nestedness, Network ecology, Species interactions}
}
